@article{ning2020ontology,
  title={Ontology-Aware Deep Learning Enables Ultrafast, Accurate and Interpretable Source Tracking among Sub-Million Microbial Community Samples from Hundreds of Niches (Under revision, \textit{Genome Medicine})},
  author={Zha$^\$$, Yuguo and \textbf{Chong}$^\$$, \textbf{Hui} and Qiu, Hao and Kang, Kai and Dun, Yuzheng and Chen, Zhixue and Cui, Xuefeng and Ning, Kang},
  journal={bioRxiv},
  year={2020},
  publisher={Cold Spring Harbor Laboratory}
}

@article{han2020utilizing,
  title={Utilizing microbiome approaches to assist source tracking, treatment and prevention of COVID-19: Review and assessment},
  author={Han, Maozhen and Zha, Yuguo and \textbf{Chong}, \textbf{Hui} and Zhong, Chaofang and Ning, Kang},
  journal={Computational and structural biotechnology journal},
  year={2020},
  publisher={Elsevier}
}

@article{kang2020meta,
  title={Meta-Prism 2.0: Enabling algorithm for ultra-fast, accurate and memory-efficient search among millions of microbial community samples (Under revision, \textit{GigaScience})},
  author={Kang$^\$$, Kai and \textbf{Chong}$^\$$, \textbf{Hui} and Ning, Kang},
  journal={bioRxiv},
  year={2020},
  publisher={Cold Spring Harbor Laboratory}
}

@article{chong2021expert,
  title={EXPERT: Transfer Learning-enabled context-aware microbial source tracking (Submitted, \textit{Science Advances})},
  author={\textbf{Chong}, \textbf{Hui} and Yu, Qingyang and Zha, Yuguo and Xiong, Guangzhou and Wang, Nan and Huang, Xinhe and Huang, Shijuan and Sun, Chuqing and Wu, Sicheng and Chen, Wei-Hua and others},
  journal={bioRxiv},
  year={2021},
  publisher={Cold Spring Harbor Laboratory}
}

@article{zha2021microbiome,
  title={Microbiome Sample Comparison and Search: From Pair-Wise Calculations to Model-Based Matching},
  author={Zha, Yuguo and \textbf{Chong}, \textbf{Hui} and Ning, Kang},
  journal={Frontiers in Microbiology},
  volume={12},
  pages={781},
  year={2021},
  publisher={Frontiers}
}

@article{bai2021reliable,
  title={Reliable and Interpretable Mortality Prediction With Strong Foresight in COVID-19 Patients: An International Study From China and Germany},
  author={Bai, Tao and Zhu, Xue and Zhou, Xiang and Grathwohl, Denise and Yang, Pengshuo and Zha, Yuguo and Jin, Yu and \textbf{Chong}, \textbf{Hui} and Yu, Qingyang and Isberner, Nora and others},
  journal={Frontiers in artificial intelligence},
  pages={112},
  year={2021},
  publisher={Frontiers}
}

@article{zha2021microbial,
  title={Microbial Dark Matter: from Discovery to Applications (Revised, \textit{Genomics, Proteomics \& Bioinformatics})},
  author={Zha$^\$$, Yuguo and \textbf{Chong$^\$$}, \textbf{Hui} and Yang$^\$$, Pengshuo and Ning, Kang},
  year={2021},
}